@book{jones_atkins,
  TITLE = {Chemia og{\'o}lna},
  AUTHOR = {Atkins, Peter and Jones, Loretta},
  ISBN = {9788301214272},
  YEAR = {2019},
  publisher={Wydawnictwo Naukowe PWN SA}
}